@Misc{hid-sp18-418-chameleon-about,
  Author 		= {chameleoncloud website},
  Title 		= {About Chameleoncloud},
  HowPublished 	= {chameleoncloud website},
  Note          = {Accessed: 2018-04-01},
  year          = {2018},
  Url = 
  {https://www.chameleoncloud.org/about/chameleon/
  } 
}