@Misc{hid-sp18-418-powerbi-intro,
  Author 		= {Reza Rad},
  Title 		= {Introduction to Power BI},
  HowPublished 	= {radacad website},
  Note          = {Accessed: 2018-03-25},
  Owner         = {surya},
  year          = {2015},
  Url = 
  {http://radacad.com/introduction-to-power-bi-what-is-power-bi
  } 
}

@Misc{hid-sp18-418-powerbi-concepts,
  Author 		= {Sharon Machlis},
  Title 		= {Data visualization with Microsoft Power BI},
  HowPublished 	= {computerworld website},
  Note          = {Accessed: 2018-03-25},
  Owner         = {surya},
  year          = {2016},
  Url = 
  {https://www.computerworld.com/article/3088958/data-analytics/free-data-visualization-with-microsoft-power-bi-your-step-by-step-guide-with-video.html
  }
}

@Misc{hid-sp18-418-powerbi-dashboard,
  Author 		= {Adam Saxton and JiayueHu and Michele Hart and Jeniffer Hubbard},
  Title 		= {Basics of Power BI},
  HowPublished 	= {Microsoft website},
  Note          = {Accessed: 2018-03-25},
  Owner         = {surya},
  year          = {2016},
  Url = 
  {https://docs.microsoft.com/en-us/power-bi/service-basic-concepts
  }
}
  
@Misc{hid-sp18-418-dax-basics,
  Author 		= {Adam Saxton and Davidiseminger and JiayueHu},
  Title 		= {DAX Basics},
  HowPublished 	= {Microsoft website},
  Note          = {Accessed: 2018-03-25},
  Owner         = {surya},
  year          = {2017},
  Url = 
  {https://docs.microsoft.com/en-us/power-bi/desktop-quickstart-learn-dax-basics
  }
}

@Misc{hid-sp18-418-powerpivot,
  Author 		= {Power Pivot Pro LLC},
  Title 		= {What is Power Pivot?},
  HowPublished 	= {Power Pivot Pro LLC website},
  Note          = {Accessed: 2018-03-25},
  Owner         = {surya},
  year          = {2018},
  Url = 
  {https://powerpivotpro.com/what-is-power-pivot/
  }
}

@Misc{hid-sp18-418-powerbi-history,
  Author 		= {Frederic Lardinois},
  Title 		= {Power BI Preview},
  HowPublished 	= {techcrunch website},
  Note          = {Accessed: 2018-03-25},
  Owner         = {surya},
  year          = {2015},
  Url = 
  {https://techcrunch.com/2015/07/10/microsoft-takes-power-bi-out-of-preview-open-sources-power-bi-visualization-stack/
  }
}

@Misc{hid-sp18-418-powerbi-components,
  Author 		= {Tutorialspoint},
  Title 		= {Power BI Architecture},
  HowPublished 	= {Tutorialspoint website},
  Note          = {Accessed: 2018-03-25},
  Owner         = {surya},
  year          = {2018},
  Url = 
  {https://www.tutorialspoint.com/power_bi/power_bi_architecture.htm
  }
}

@Misc{hid-sp18-418-powerbi-review,
  Author 		= {Teampost},
  Title 		= {Review Power BI},
  HowPublished 	= {Yurbi website},
  Note          = {Accessed: 2018-04-06},
  Owner         = {surya},
  year          = {2018},
  Url = 
  {https://www.yurbi.com/blog/straight-talk-review-strengths-and-weaknesses-of-microsoft-power-bi/
  }
}

@Misc{hid-sp18-418-powerbi-sample-dataset,
  Author 		= {Adam Saxton and JiayueHu and Liz Casey and Michele Hart and Mark Mcgee},
  Title 		= {Human Resource Sample Dataset},
  HowPublished 	= {Microsoft website},
  Note          = {Accessed: 2018-04-06},
  Owner         = {surya},
  year          = {2018},
  Url = 
  {https://docs.microsoft.com/en-us/power-bi/sample-human-resources
  }
}

@Misc{hid-sp18-418-powerbi-sample-dashboard,
  Author 		= {Surya},
  Title 		= {Sample Dashboard},
  HowPublished 	= {Power BI App Website},
  Note          = {Accessed: 2018-04-06},
  Owner         = {surya},
  year          = {2018},
  Url = 
  {https://app.powerbi.com/groups/me/dashboards/9fd80216-7d17-4bb9-a6d3-f47ddb661971
  }
}

@Misc{hid-sp18-418-powerbi-comparison,
  Author 		= {Louis Columbus},
  Title 		= {Power BI vs Tableau vs Qlikview},
  HowPublished 	= {Selecthub Website},
  Note          = {Accessed: 2018-04-06},
  Owner         = {surya},
  year          = {2018},
  Url = 
  {https://selecthub.com/business-intelligence/tableau-vs-qlikview-vs-microsoft-power-bi/
  }
}


